
%%  Ein paar Abk√ºrzungen 
@STRING{SICOMP = {SIAM Journal on Computing}}
@STRING{SPRINGER = {Springer}}
@STRING{LNCS = {LNCS}}
@STRING{DAM = {Discrete Applied Mathematics}}



%% Referenz ist ein Artikel in einem Journal 
@article{example1,
author = {Kako, Akihisa and Ono, Takao and Hirata, Tomio and Halld\'{o}rsson, Magn\'{u}s M},
journal = DAM,
number = {4},
pages = {617--626},
title = {{Approximation algorithms for the weighted independent set problem in sparse graphs}},
volume = {157},
year = {2009}
}

%% Referenz ist ein Artikel in Proceedings 
@inproceedings{example2,
author = {Seibert, Sebastian and Unger, Walter},
booktitle = {Algorithms and Complexity},
pages = {102--112},
publisher = SPRINGER,
series = LNCS,
title = {{The Hardness of Placing Street Names in a Manhattan Type
Map}},
volume = {1767},
year = {2000}
}

%% Referenz ist ein Artikel in Proceedings 
@inproceedings{example3,
author = {Neyer, Gabriele and Wagner, Frank},
booktitle = {Algorithms and Complexity},
pages = {113--124},
publisher = SPRINGER,
series = LNCS,
title = {{Labeling Downtown}},
volume = {1767},
year = {2000}
}

%% Referenz ist eine URL
@misc{example4,
author = {Wolff, Alexander and Strijk, Tycho},
title = {{The Map Labeling Bibliography}},
howpublished={\url{
http://liinwww.ira.uka.de/bibliography/Theory/map.labeling.html}},
year = {2009}
}


@article{paul2011you,
  title={You are what you Tweet: Analyzing Twitter for public health.},
  author={Paul, Michael J and Dredze, Mark},
  journal={ICWSM},
  volume={20},
  pages={265--272},
  year={2011}
}


@article{blei2003latent,
  title={Latent dirichlet allocation},
  author={Blei, David M and Ng, Andrew Y and Jordan, Michael I},
  journal={Journal of machine Learning research},
  volume={3},
  number={Jan},
  pages={993--1022},
  year={2003}
}


@inproceedings{pinoli2014latent,
  title={Latent Dirichlet Allocation based on Gibbs Sampling for gene function prediction},
  author={Pinoli, Pietro and Chicco, Davide and Masseroli, Marco},
  booktitle={Computational Intelligence in Bioinformatics and Computational Biology, 2014 IEEE Conference on},
  pages={1--8},
  year={2014},
  organization={IEEE}
}


@article{fox2012tutorial,
  title={A tutorial on variational Bayesian inference},
  author={Fox, Charles W and Roberts, Stephen J},
  journal={Artificial intelligence review},
  volume={38},
  number={2},
  pages={85--95},
  year={2012},
  publisher={Springer}
}


@article{steyvers2007probabilistic,
  title={Probabilistic topic models},
  author={Steyvers, Mark and Griffiths, Tom},
  journal={Handbook of latent semantic analysis},
  volume={427},
  number={7},
  pages={424--440},
  year={2007}
}


@article{griffiths2004finding,
  title={Finding scientific topics},
  author={Griffiths, Thomas L and Steyvers, Mark},
  journal={Proceedings of the National academy of Sciences},
  volume={101},
  number={suppl 1},
  pages={5228--5235},
  year={2004},
  publisher={National Acad Sciences}
}


@inproceedings{wang2006topics,
  title={Topics over time: a non-Markov continuous-time model of topical trends},
  author={Wang, Xuerui and McCallum, Andrew},
  booktitle={Proceedings of the 12th ACM SIGKDD international conference on Knowledge discovery and data mining},
  pages={424--433},
  year={2006},
  organization={ACM}
}

@article{blei2012probabilistic,
  title={Probabilistic topic models},
  author={Blei, David M},
  journal={Communications of the ACM},
  volume={55},
  number={4},
  pages={77--84},
  year={2012},
  publisher={ACM}
}

@article{zhong2005generative,
  title={Generative model-based document clustering: a comparative study},
  author={Zhong, Shi and Ghosh, Joydeep},
  journal={Knowledge and Information Systems},
  volume={8},
  number={3},
  pages={374--384},
  year={2005},
  publisher={Springer}
}

@incollection{masada2008comparing,
  title={Comparing LDA with pLSI as a dimensionality reduction method in document clustering},
  author={Masada, Tomonari and Kiyasu, Senya and Miyahara, Sueharu},
  booktitle={Large-Scale Knowledge Resources. Construction and Application},
  pages={13--26},
  year={2008},
  publisher={Springer}
}

@phdthesis{jebara2001discriminative,
  title={Discriminative, generative and imitative learning},
  author={Jebara, Tony},
  year={2001},
  school={Massachusetts Institute of Technology}
}

@book{duda2012pattern,
  title={Pattern classification},
  author={Duda, Richard O and Hart, Peter E and Stork, David G},
  year={2012},
  publisher={John Wiley \& Sons}
}